<?xml version="1.0" encoding="UTF-8" ?><marc:collection xmlns:marc="http://www.loc.gov/MARC21/slim" xmlns:xsi="http://www.w3.org/2001/XMLSchema-instance" xsi:schemaLocation="http://www.loc.gov/MARC21/slim http://www.loc.gov/standards/marcxml/schema/MARC21slim.xsd">
<marc:record><marc:leader>03847nam a2200373Ia 4500</marc:leader>
<marc:controlfield tag="005">20181212173600.0</marc:controlfield>
<marc:controlfield tag="008">181212s2018    bl            000 0 por d</marc:controlfield><marc:datafield tag="040" ind1=" " ind2=" "><marc:subfield code="a">USP/SIBI</marc:subfield></marc:datafield><marc:datafield tag="041" ind1="0" ind2=" "><marc:subfield code="a">por</marc:subfield></marc:datafield><marc:datafield tag="044" ind1=" " ind2=" "><marc:subfield code="a">bl</marc:subfield></marc:datafield><marc:datafield tag="100" ind1="1" ind2=" "><marc:subfield code="a">Botelho, Guilherme Machado</marc:subfield></marc:datafield><marc:datafield tag="242" ind1="0" ind2="0"><marc:subfield code="a">How much is the show worth?</marc:subfield><marc:subfield code="b">The fine Rap of Athalyba-Man and the social insertion of the Peripheral through the market of popular music</marc:subfield></marc:datafield><marc:datafield tag="245" ind1="1" ind2="0"><marc:subfield code="a">Quanto vale o show?</marc:subfield><marc:subfield code="b">O fino Rap de Athalyba-Man e a inserção social do Periférico através do mercado de música popular</marc:subfield></marc:datafield><marc:datafield tag="260" ind1=" " ind2=" "><marc:subfield code="a">São Paulo</marc:subfield><marc:subfield code="c">2018</marc:subfield></marc:datafield><marc:datafield tag="300" ind1=" " ind2=" "><marc:subfield code="a">236 f</marc:subfield></marc:datafield><marc:datafield tag="502" ind1=" " ind2=" "><marc:subfield code="a">Dissertação (Mestrado)</marc:subfield></marc:datafield><marc:datafield tag="520" ind1=" " ind2=" "><marc:subfield code="a">Nos últimos trinta anos observa-se uma abertura gradativa de espaços para cantores e cantoras de Rap e Funk nos grandes meios de comunicação em massa. Percebe-se, também, conforme essas culturas musicais extrapolaram os limites de circulação do seu lugar de origem, a periferia, um aumento do interesse de jovens e intelectuais oriundos da classe média. Principalmente depois do fenômeno de projeção dos Racionais MC's, ocorrido nos últimos vinte anos. E, atualmente, com o sucesso de Criolo, Rael, Emicida, Rincón Sapiência, Baco Exú do Blues, Raffa Moreira, Coruja BC1, Rico Dalasam, Karol Conka, entre outras e outros. Quais interesses, conflitos e perspectivas estão em jogo nessa movimentação? Rastreando a construção e transformação da originalidade artística de Athalyba-Man, um dos primeiros artistas de Rap nacional a assinar contrato com gravadora multinacional, o referente trabalho busca compreender como se deu a formação e a introdução da cultura musical Rap no mercado fonográfico hegemônico, assim como sua difusão, conflitos e perspectivas</marc:subfield></marc:datafield><marc:datafield tag="590" ind1=" " ind2=" "><marc:subfield code="d">Culturas e Identidades Brasileiras</marc:subfield></marc:datafield><marc:datafield tag="650" ind1=" " ind2="7"><marc:subfield code="a">HIP HOP</marc:subfield><marc:subfield code="2">larpcal</marc:subfield></marc:datafield><marc:datafield tag="650" ind1=" " ind2="7"><marc:subfield code="a">INDÚSTRIA FONOGRÁFICA</marc:subfield><marc:subfield code="2">larpcal</marc:subfield></marc:datafield><marc:datafield tag="650" ind1=" " ind2="7"><marc:subfield code="a">RAP</marc:subfield><marc:subfield code="2">larpcal</marc:subfield></marc:datafield><marc:datafield tag="650" ind1=" " ind2="7"><marc:subfield code="a">MÚSICA POPULAR</marc:subfield><marc:subfield code="2">larpcal</marc:subfield></marc:datafield><marc:datafield tag="700" ind1="1" ind2=" "><marc:subfield code="a">Silveira Junior, Walter Garcia da</marc:subfield><marc:subfield code="4">orient</marc:subfield></marc:datafield><marc:datafield tag="856" ind1="0" ind2=" "><marc:subfield code="z">e-mail do autor</marc:subfield><marc:subfield code="u">mailto://guibotelho@usp.br</marc:subfield><marc:subfield code="3">E-mail do autor</marc:subfield></marc:datafield><marc:datafield tag="856" ind1="4" ind2="1"><marc:subfield code="z">Clicar sobre o botão para acesso ao texto</marc:subfield><marc:subfield code="u">http://www.teses.usp.br/teses/disponiveis/31/31131/tde-11122018-111009/</marc:subfield><marc:subfield code="3">BDTD</marc:subfield></marc:datafield><marc:datafield tag="856" ind1="0" ind2=" "><marc:subfield code="z">e-mail do orientador</marc:subfield><marc:subfield code="u">mailto://waltergarcia@usp.br</marc:subfield><marc:subfield code="3">E-mail do orientador</marc:subfield></marc:datafield><marc:datafield tag="940" ind1=" " ind2=" "><marc:subfield code="a">In the last thirty years, there has been opening of spaces for Rap and Funk singers in the mass media. It is also perceived, as these musical cultures extrapolated the limits of circulation from their places of origin, the periphery, an increase in the interest of young and intellectuals coming from the middle class. Mainly, after the gradual phenomenon of projection of the Racionais MC's, occurred in the last twenty years. And now, with the success of Criolo, Rael, Emicida, Rincón Sapiência, Baco Exú do Blues, MV Bill, Raffa Moreira, Coruja BC1, Rico Dalasam, Karol Conka, among others. What interests, conflicts and perspectives are at stake in this movement? Tracking the construction and transformation of Athalyba-Man's artistic originality, one of the first national Rap artists to sign a contract with a multinational record company, the aim is to understand how the making of and introduction of rap music culture in the hegemonic phonographic market took place, as well as its diffusion, conflicts and perspectives</marc:subfield></marc:datafield><marc:datafield tag="945" ind1=" " ind2=" "><marc:subfield code="a">T</marc:subfield><marc:subfield code="b">TESE</marc:subfield><marc:subfield code="c">T</marc:subfield><marc:subfield code="i">04.10.2018</marc:subfield><marc:subfield code="j">2018</marc:subfield></marc:datafield><marc:datafield tag="946" ind1=" " ind2=" "><marc:subfield code="a">BOTELHO, GUILHERME MACHADO</marc:subfield><marc:subfield code="b">5543951</marc:subfield><marc:subfield code="e">IEB</marc:subfield><marc:subfield code="f">INSTITUTO DE ESTUDOS BRASILEIROS</marc:subfield><marc:subfield code="q">ME</marc:subfield><marc:subfield code="r">04.10.2018</marc:subfield><marc:subfield code="s">S</marc:subfield><marc:subfield code="o">1853060</marc:subfield></marc:datafield><marc:datafield tag="952" ind1=" " ind2=" "><marc:subfield code="a">Athalyba-Man</marc:subfield><marc:subfield code="f">Proveniente da Base Teses Digitais da USP</marc:subfield></marc:datafield><marc:datafield tag="952" ind1=" " ind2=" "><marc:subfield code="a">Athalyba-Man</marc:subfield><marc:subfield code="f">Proveniente da Base Teses Digitais da USP</marc:subfield></marc:datafield><marc:datafield tag="952" ind1=" " ind2=" "><marc:subfield code="a">Blackness</marc:subfield><marc:subfield code="f">Proveniente da Base Teses Digitais da USP</marc:subfield></marc:datafield><marc:datafield tag="952" ind1=" " ind2=" "><marc:subfield code="a">Negritude</marc:subfield><marc:subfield code="f">Proveniente da Base Teses Digitais da USP</marc:subfield></marc:datafield><marc:datafield tag="952" ind1=" " ind2=" "><marc:subfield code="a">Phonografic Industry</marc:subfield><marc:subfield code="f">Proveniente da Base Teses Digitais da USP</marc:subfield></marc:datafield></marc:record>
</marc:collection>
